@book{pbr,
title={Probabilistic Robotics},
author={Sebastian Thrun and Wolfram Burgard and Dieter Fox},
year={2006},
publisher={The MIT Press},
url={http://www.probabilistic-robotics.org/}
}

@book{spong2005robot,
  title={Robot Modeling and Control},
  author={Spong, M.W. and Hutchinson, S. and Vidyasagar, M.},
  isbn={9780471649908},
  lccn={2005054227},
  url={https://books.google.com/books?id=wGapQAAACAAJ},
  year={2005},
  publisher={Wiley}
}

@article{borenstein1996measurement,
  author={Borenstein, J. and Feng, L.}, 
  title={Measurement and correction of systematic odometry errors in mobile robots},
  journal={IEEE Transactions on robotics and automation},
  volume={12},
  number={6},
  pages={869--880},
  year={1996},
  publisher={IEEE}
}

@INPROCEEDINGS{503813,  
author={Borenstein, J. and Feng, L.},  booktitle={Proceedings of IEEE International Conference on Robotics and Automation},   title={Gyrodometry: a new method for combining data from gyros and odometry in mobile robots},   year={1996},  volume={1},  number={},  pages={423-428 vol.1},  doi={10.1109/ROBOT.1996.503813}}


@article{journals/ker/Parsons04f,
  author = {Parsons, Simon},
  journal = {Knowledge Eng. Review},
  pages = {379-380},
  title = {Introduction to Autonomous Mobile Robots by Roland Siegwart and Illah R. Nourbakhsh, MIT Press, 321 pp., \$50.00, ISBN 0-262-19502.},
  volume = 19,
  year = 2004
}


